<record><leader>00000cas a22000007a 4500</leader><controlfield tag="001">16013029</controlfield><controlfield tag="008">870620d19441945iauwr ne      0    0eng d</controlfield><datafield ind1=" " ind2=" " tag="010"><subfield code="a">sn 87057663 </subfield></datafield><datafield ind1=" " ind2=" " tag="040"><subfield code="a">INP</subfield><subfield code="b">eng</subfield><subfield code="c">INP</subfield><subfield code="d">NSD</subfield><subfield code="d">INP</subfield><subfield code="d">OCLCQ</subfield></datafield><datafield ind1=" " ind2=" " tag="042"><subfield code="a">msc</subfield></datafield><datafield ind1="0" ind2=" " tag="130"><subfield code="a">Record-herald (Indianola, Iowa)</subfield></datafield><datafield ind1="1" ind2="4" tag="245"><subfield code="a">The record-herald.</subfield></datafield><datafield ind1=" " ind2=" " tag="260"><subfield code="a">Indianola, Iowa :</subfield><subfield code="b">Record and Tribune Co.,</subfield><subfield code="c">1944-1945.</subfield></datafield><datafield ind1=" " ind2=" " tag="300"><subfield code="a">1 v.</subfield></datafield><datafield ind1=" " ind2=" " tag="310"><subfield code="a">Weekly</subfield></datafield><datafield ind1="0" ind2=" " tag="362"><subfield code="a">Vol. 54, no. 24 (Dec. 15, 1944)-v. 54, no. 34 (Feb. 23, 1945).</subfield></datafield><datafield ind1=" " ind2=" " tag="515"><subfield code="a">Issues for Dec. 15, 1944-Feb. 23, 1945 called also v. 77, no. 24-v. 77, no. 34 in continuation of Indianola herald's numbering system.</subfield></datafield><datafield ind1=" " ind2=" " tag="752"><subfield code="a">United States</subfield><subfield code="b">Iowa</subfield><subfield code="c">Warren</subfield><subfield code="d">Indianola.</subfield></datafield><datafield ind1="0" ind2="4" tag="780"><subfield code="t">Indianola record</subfield><subfield code="w">(DLC)sn 87057665</subfield></datafield><datafield ind1="0" ind2="4" tag="780"><subfield code="t">Indianola herald</subfield><subfield code="w">(DLC)sn 87057669</subfield></datafield><datafield ind1="0" ind2="7" tag="785"><subfield code="t">Indianola tribune (Indianola, Iowa : 1923)</subfield><subfield code="w">(DLC)sn 87057662</subfield></datafield><datafield ind1="0" ind2="7" tag="785"><subfield code="t">Record-herald and Indianola tribune</subfield><subfield code="x">0895-3287</subfield><subfield code="w">(DLC)sn 87057664</subfield></datafield></record>